% Encoding: UTF-8

@Article{carson2021fighting,
  author    = {Carson, Andrea and Fallon, Liam},
  title     = {Fighting Fake News: A Study of Online Misinformation Regulation in the Asia Pacific},
  year      = {2021},
  publisher = {La Trobe},
}

@Comment{jabref-meta: databaseType:bibtex;}
